@article {brucker2,
author = {Brucker, Peter and Gladky, Andrei and Hoogeveen, Han and Kovalyov, Mikhail Y. and Potts, Chris N. and Tautenhahn, Thomas and van de Velde, Steef L.},
title = {Scheduling a batching machine},
journal = {Journal of Scheduling},
volume = {1},
number = {1},
publisher = {John Wiley & Sons, Ltd.},
issn = {1099-1425},
url = {http://dx.doi.org/10.1002/(SICI)1099-1425(199806)1:1<31::AID-JOS4>3.0.CO;2-R},
doi = {10.1002/(SICI)1099-1425(199806)1:1<31::AID-JOS4>3.0.CO;2-R},
pages = {31--54},
keywords = {scheduling, batching machine, complexity, dynamic programming},
year = {1998},
}

@MISC{Lardeux,
    author = {Frédéric Lardeux and Eric Monfroy and Frédéric Saubion},
    title = {Interleaved Alldifferent Constraints: CSP vs. SAT Approaches},
    year = {}
}
