% ========================================================================================
% Nomenclature pour le champs kind  :
%  RAICL   : Revues internationales avec sélection
%  RANCL   : Revues nationales avec sélection
%  RSS     : Revues sans sélection
%  BDICLA (special web) : CP, CPAIOR, IJCAI,...
%  CDICLA  : Manifestations internationales avec sélection et actes
%  CDNCLA  : Manifestations nationales avec sélection et actes
%  CDR     : Manifestations(nationales ou internationales avec actes à diffusion restreinte
%  RI      : Rapports de recherche
%  DTH     : Habilitation, Theses et rapports de stages.
%  DIVERS  : Divers
%  CI      : Conferences invitees
%  CDL     : Ouvrages scientiques (ou chapitres)
%  OV      : Ouvrages de vulgarisation (ou chapitres)
%  DO      : Directions d'ouvrages

% Le champs cat (RA CNRS) :
% best : pour les 15 references les plus significatives de l'equipe (10 hors periode, 5 durant periode)
% ext  : pour les references à des papiers externes a l'equipe.
% <>   : pas de champs cat pour les references de l'equipe hors selection des 15 plus remarquables.

%  Label conseille :
%  1  auteur   : nomAuteur-CONFERENCE-annee
%  2  auteurs  : nomPremierAuteur-nomSecondAuteur-CONFERENCE-annee
%  > 2 auteurs : nomPremierAuteur-al-CONFERENCE-annee
%  pour revue  : remplacer CONFERENCE par JOURNAL
%  pour rapport de recherche   : remplacer CONFERENCE par rr-INSTITUT-numero
%  pour workshop de conference : prefixer CONFERENCE par 'w'

% Nomenclature pour le champs keyword :
% KGC    :  constraint classification / systematic reformulation and filtering
% KCO    :  global constraint definition and filtering / local consistencies
% KEX    :  explanations / dynamic problems and search / over-constrained problems
% KOP    :  optimisation / over-constrained problems
% KHY    :  hybrid -->
% KHYls  :  local search and metaheuristics
% KHYlp  :  mathematical programming
% KHYci  :  continuous / interval constraints
% KOL    :  orders / lattices
% KSO    :  solvers
% KAPP    :  applications ->
% KAPsched (schedule), KAPpack (packing/placement), KAPtour (transport), KAPvisu (graphic), KAPbio (bioinfo), KAPbrule (business rules), KAPsym (symetry break)
% KOT    :  others

% autres champs a renseigner si possible:
% url  : lien web fichier/journal ex: http://www.emn.fr/untel/publis/monart.pdf
% hal  : numero en base HAL       ex: hal-00293562
% doi  : numero DOI               ex: 10.1007/11889205_7
% isbn : confs                    ex: 978-1-84821-034-9
% issn : revues                   ex: 0381-7032
% ========================================================================================


% ============================================================================


% =============
% = TO APPEAR =
% =============

% ==========
% =  2010  =
% ==========

@InProceedings{petit-regin-ICTAI-2010,
author =         {Thierry Petit and Jean-Charles Régin},
title =         {The Ordered Distribute Constraint},
booktitle =     {22th IEEE International Conference on Tools with
                Artificial Intelligence (ICTAI'10)},
year =         2010,
kind =         {CDICLA},
keyword =    {KCO, KAPsched, KOP},
hal = {hal-00517141}
url = {http://www.emn.fr/x-info/ppc/bib/pub/petit10ictai.pdf},
}

@article{petit-poder-AOR-2010,
author    = {Thierry Petit and Emmanuel Poder},
title     = {Global Propagation of Side Constraints for Solving Over-constrained Problems},
journal = {Annals of Operations Research},
  note =		 {Special issue of CPAIOR'08},
year      = {2010},
kind =    {RAICL},
keyword = {KEX,KCO},
doi = {10.1007/s10479-010-0683-4},
url = {http://www.emn.fr/x-info/ppc/bib/pub/petit10AOR.pdf},
hal = {hal-00482014},
}

@InProceedings{beldiceanu-al-CPAIOR-2010,
author =         {Nicolas Beldiceanu and Fabien Hermenier and Xavier Lorca and Thierry Petit},
title =         {The \texttt{increasing\_nvalue} Constraint},
booktitle =     {7th International Conference on Integration of AI and OR
                Techniques in Constraint Programming for
                Combinatorial Optimization Problems (CPAIOR'10)},
year =         2010,
 editor	= {A. Lodi and M. Milano and P. Toth},
 volume	= {6140},
 pages	= {25--39},
 address	= {Bologna, Italy},
series =         {Lecture Notes in Computer Science},
publisher =     {Springer-Verlag},
kind =         {BDICLA},
keyword =         {KCO, KAPP},
url = {http://www.emn.fr/x-info/ppc/bib/pub/beldiceanu-al-CPAIOR-2010.pdf},
  slides = {http://www.emn.fr/x-info/ppc/bib/pub/beldiceanu-al-CPAIOR-2010-slides.pdf},
}

@InProceedings{vion-al-RAC-2010,
author =         {Julien Vion and Thierry Petit and Narendra Jussien},
title =         {A generic scheme for integrating strong consistencies into constraint solvers},
booktitle =     {Recent Advances in Constraints, Revised Selected Papers from CSCLP'09.},
  series =		 {Lecture Notes in Computer Science},
  publisher =	 {Springer-Verlag},
year =              2010,
keyword =       {KCO,KSO},
kind =         {CDL},
volume = {6384},
url = {http://www.emn.fr/x-info/ppc/bib/pub/vion10rac.pdf},
}

@InProceedings{beldiceanu-al-JFPC-2010,
author =         {Nicolas Beldiceanu and Fabien Hermenier and Xavier Lorca and Thierry Petit},
title =         {La Contrainte Increasing NValue},
booktitle =     {6èmes Journées Francophones de Programmation par
                Contraintes (JFPC'10)},
year =         2010,
kind =         {CDNCLA},
keyword =         {KCO, KAPP},
pages = {71-81},
hal = {inria-00520296},
url = {http://www.emn.fr/x-info/ppc/bib/pub/beldiceanu10jfpc.pdf},
}

@TechReport{beldiceanu-al-rr-EMN-10-01-INFO,
author =         {Nicolas Beldiceanu and Xavier Lorca and Thierry Petit},
title =         {A GAC Algorithm for a Class of Global Counting Constraints},
institution =     {École des Mines de Nantes},
number =         {10-01-INFO},
type =         {Research report},
year =         2010,
keyword =         {KCO, KGC},
kind =         {RI},
url = {http://www.emn.fr/x-info/ppc/bib/pub/emn-RR-10-01.pdf},
}

% ==========
% =  2009  =
% ==========

@InProceedings{menana-demassey-CPAIOR-2009,
  author =		 {Julien Menana and Sophie Demassey},
  title =		 {Sequencing and counting with the \texttt{multicost-regular} constraint},
  booktitle =	 {6th International Conference on Integration of AI and OR
                  Techniques in Constraint Programming for
                  Combinatorial Optimization Problems (CPAIOR'09)},
  year =		 2009,
  series =		 {Lecture Notes in Computer Science},
volume = {5547},
pages = {178--192},
doi = {10.1007/978-3-642-01929-6_14},
hal = {hal-00394434},
isbn = {978-3-642-01929-9},
  address =		 {Pittsburgh, USA},
  month =		 {May},
  publisher =	 {Springer-Verlag},
  kind =		 {BDICLA},
  keyword =		 {KOP,KCO,KHYlp,KAPsched,KAPbrule},
url = {http://www.emn.fr/x-info/sdemasse/art/menana09cpaior.pdf},
}