@book{Shirazi:2002:JPT:572520,
 	author = {Shirazi, Jack},
 	title = {Java Performance Tuning},
 	year = {2002},
 	isbn = {0596003773},
 	edition = {2nd},
 	publisher = {O'Reilly \& Associates, Inc.},
 	address = {Sebastopol, CA, USA},
} 