@InProceedings{ReginAAAI94,
  author        = {J.-C. R{\'e}gin},
  title         = {A Filtering Algorithm for Constraints of Difference in {CSP}},
  booktitle     = {12th National Conference on Artificial Intelligence (AAAI'94)},
  pages         = {362--367},
  year          = {1994},
}

@InProceedings{ReginAAAI96,
  author    =    {J.-C. R\'egin},
  title     =    {Generalized Arc Consistency for {\tt global-cardinality} Constraint},
  booktitle =    {14th National Conference on Artificial Intelligence (AAAI'96)},
  pages     =    {209--215},
  year      =    {1996},
}

@TechReport{BeldiceanuSICS02,
  author        = {M. Carlsson and N. Beldiceanu},
  title         = {Arc-Consistency for a Chain of Lexicographic Ordering Constraints},
  institution   = "Swedish Institute of Computer Science",
  year          = {2002},
  number        = {T2002-18},
  url           = {ftp://ftp.sics.se/pub/SICS-reports/Reports/SICS-T-{}-2002-18-{}-SE.pdf},
}


@InProceedings{BeldiceanuCP02,
  author        = {N. Beldiceanu and M. Carlsson},
  title         = {A New Multi-Resource {\tt cumulatives} Constraint with Negative Heights},
  booktitle     = {International Conference on Principles and Practice of Constraint Programming (CP'02)},
  year          = {2002},
  series        = {LNCS},
  volume        = {2470},
  pages         = {63--79},
  publisher     = {Springer-Verlag},
}

@InProceedings{FrischCP02,
  author    =    {A. M. Frisch and B. Hnich and Z.
                  K{\i}z{\i}ltan and I. Miguel and T. Walsh},
  title     =    {Global Constraints for Lexicographic Orderings},
  booktitle =    {International Conference on Principles and Practice of Constraint Programming (CP'2002)},
  year      =    {2002},
  series    =    {LNCS},
  volume    =    {2470},
  pages     =    {93--108},
  publisher =    {Springer-Verlag},
}

@InProceedings{FrischIJCAI03,
  author    =    {A. M. Frisch and B. Hnich and Z. K{\i}z{\i}ltan and I. Miguel and T. Walsh},
  title     =    {Multiset Ordering Constraints},
  booktitle =    {18th International Joint Conference on Artificial Intelligence (IJCAI'03)},
  year      =    {2003},
}


@InProceedings{LopezIJCAI03,
  author    =    {A. L\'opez-Ortiz and C.-G. Quimper and J. Tromp and P. van Beek},
  title     =    {A Fast and Simple Algorithm for Bounds Consistency of the {\tt alldifferent} Constraint},
  booktitle =    {18th International Joint Conference on Artificial Intelligence (IJCAI'03)},
  year      =    {2003},
  pages     =    {245--250},
}

@InProceedings{QuimperCP03,
  author    =    {C.-G. Quimper and P. van Beek and A. L\'opez-Ortiz and A. Golynski and S. B. Sadjad},
  title     =    {An Efficient Bounds Consistency Algorithm for the {\it global-cardinality} Constraint},
  booktitle =    {International Conference on Principles and Practice of Constraint Programming (CP'03)},
  year      =    {2003},
  series    =    {LNCS},
  volume    =    {2833},
  pages     =    {600--614},
  publisher =    {Springer-Verlag},
}

@InProceedings{PesantCP04,
  author    =    {G. Pesant},
  title     =    {A Regular Language Membership Constraint for Finite Sequences of Variables},
  booktitle =    {International Conference on Principles and Practice of Constraint Programming (CP'04)},
  year      =    {2004},
  series    =    {LNCS},
  volume    =    {3258},
  pages     =    {482--495},
  publisher =    {Springer-Verlag},
}

@InProceedings{ShawCP04,
  author    =    {P. Shaw},
  title     =    {A Constraint for Bin Packing},
  booktitle =    {International Conference on Principles and Practice of Constraint Programming (CP'04)},
  year      =    {2004},
  series    =    {LNCS},
  volume    =    {3258},
  pages     =    {648--662},
  publisher =    {Springer-Verlag},
}

@Article{BeldiceanuC05,
  author =		 {Nicolas Beldiceanu and Mats Carlsson and Romuald
                  Debruyne and Thierry Petit},
  title =		 {Reformulation of Global Constraints Based on
                  Constraint Checkers},
  journal =		 {Constraints},
  volume =		 10,
  number =		 4,
  year =		 2005,
pages =	{339--362},
}

@InProceedings{BessiereCPAIOR05,
  author        = {C. Bessi\`ere and E. Hebrard and B. Hnich and Z. K{\i}z{\i}ltan and T. Walsh},
  title         = {Filtering Algorithms for the {\tt nvalue} Constraint},
  booktitle     = {International Conference on Integration of AI and OR Techniques
                   in Constraint Programming for Combinatorial Optimization Problems (CPAIOR'05)},
  year          = {2005},
  series        = {LNCS},
  volume        = {3524},
  pages         = {79--93},
  publisher     = {Springer-Verlag},
}

@Article{BeldiceanuCONSTRAINTS08,
  author =		 {Nicolas Beldiceanu and Pierre Flener and Xavier
                  Lorca},
  title =		 {Combining tree Partitioning, Precedence, and
                  Incomparability Constraints},
  journal =		 {Constraints},
  volume =		 13,
  number =		 4,
  year =		 2008,
pages = {459--489},
  url = {http://www.emn.fr/x-info/ppc/bib/pub/beldiceanu-al-constraints-2008.pdf},
}

@InProceedings{MenanaCPAIOR09,
  author        = {J. Menana and S. Demassey},
  title         = {Sequencing and Counting with the {\tt multicost-regular} Constraint},
  booktitle     = {International Conference on Integration of AI and OR Techniques
                   in Constraint Programming for Combinatorial Optimization Problems (CPAIOR'09)},
  year          = {2009},
  series        = {LNCS},
  volume        = {5547},
  pages         = {178--192},
  publisher     = {Springer-Verlag},
}

@InProceedings{BleuzenCP97,
  author        = {N. Bleuzen-Guernalec and A. Colmerauer},
  title         = {Narrowing a block of sortings in quadratic time},
  booktitle =    {International Conference on Principles and Practice of Constraint Programming (CP'97)},
  year      =    {1997},
  series    =    {LNCS},
  volume    =    {?},
  pages     =    {?--?},
  publisher =    {Springer-Verlag},
}

@InProceedings{MehlhornCP00,
  author        = {K. Mehlhorn and S. Thiel},
  title         = {Faster algorithms for bound-consistency of the Sortedness and the Alldifferent constraint},
  booktitle =    {International Conference on Principles and Practice of Constraint Programming (CP'00)},
  year      =    {2000},
  series    =    {LNCS},
  volume    =    {?},
  pages     =    {?--?},
  publisher =    {Springer-Verlag},
}

@InProceedings{Bessiere05ERCIM,
  author        = {C. Bessi\`ere and E. Hebrard and B. Hnich and Z. K{\i}z{\i}ltan and T. Walsh},
  title         = {{\it Among}, {\it common} and {\it disjoint} {C}onstraints},
  booktitle     = {Joint ERCIM/CoLogNET International Workshop on Constraint Solving and
                   Constraint Logic Programming (CSCLP 2005)},
  year          = {2005},
  month         = {June},
  editor        = {M. Carlsson and F. Fages and B. Hnich and F. Rossi},
  pages         = {223--235},
  url           = {http://4c.ucc.ie/~brahim/ercim05/csclp2005.pdf},
}

@InProceedings{Bessiere06ERCIM,
  author        = {C. Bessi\`ere and E. Hebrard and B. Hnich and Z. K{\i}z{\i}ltan and T. Walsh},
  title         = {{\it Among}, {\it common} and {\it disjoint} {C}onstraints},
  booktitle     = {Recent Advances in Constraints, Joint ERCIM/Colognet International
                   Workshop on Constraint Solving and Constraint Logic Programming, CSCLP05;
                   Uppsala, Sweden, June 2005;
                   Revised Selected and Invited Papers},
  year          = {2006},
  editor        = {B. Hnich and M. Carlsson and F. Fages and F. Rossi},
  series        = {LNAI},
  volume        = {3978},
  pages         = {28--43},
  publisher     = {Springer\nobreakdash-Verlag},
}

@InProceedings{TrickAOR03,
  author        = {Michael A. Trick},
  title         = {A Dynamic Programming Approach for Consistency and Propagation for Knapsack Constraints},
  booktitle     = {Annals of Operations Research},
  year          = {2003},
  editor        = {Springer Netherlands},
  volume        = {Volume 118, Numbers 1-4 / feb. 2003},
  pages         = {73--84},
  publisher     = {Springer Netherlands},
}
@Article{DemasseyC06,
  author 	= {Sophie Demassey and Gilles Pesant and Louis-Martin Rousseau},
  title		= {A \texttt{Cost-Regular} based hybrid column generation approach},
  journal	= {Constraints},
  volume 	= 11,
  number	= 4,
  pages 	= {315-333},
  year 		= 2006,
  issn 		= {1383-7133},
  note 		= {Special issue following CPAIOR'05},
  url 		= {http://www.emn.fr/x-info/sdemasse/art/demassey06ct.pdf},
  kind 		= {RAICL},
  keyword	= {KOP, KCO, KHYlp, KAPsched,KAPbrule},
  doi 		= {10.1007/s10601-006-9003-7},
  hal 		= {hal-00293562},
  cat 		= {best},
}

@InProceedings{Boussemart04,
  author        = {Fr\'ed\'eric Boussemart and Fred Hemery and Christophe Lecoutre and Lakhdar Sais},
  title         = {Boosting systematic search by weighting constraints},
  booktitle = {Proceedings of the 16th European Conference on Artificial Intelligence (ECAI'04)},
  year          = {2004},
  pages         = {146--150},
  publisher     = {IOS Press 2004},
}

@InProceedings{Refalo04,
  author        = {Philippe Refalo},
  title         = {Impact-Based Search Strategies for Constraint Programming},
  booktitle =    {International Conference on Principles and Practice of Constraint Programming (CP'04)},
  year      =    {2004},
  series    =    {LNCS},
  volume    =    {3258},
  pages     =    {557--570},
  publisher =    {Springer-Verlag},
}

@InProceedings{Simonis10,
  author        = {Helmut Simonis and Paul Davern and Jacob Feldman and Deepak Mehta and Luis Quesada and Mats Carlsson},
  title         = {A Generic Visualization Platform for CP},
  booktitle =    {Principles and Practice of Constraint Programming  -- CP 2010)},
  year      =    {2010},
  series    =    {LNCS},
  pages     =    {460--474},
  publisher =    {Cohen, David},
}
